@Manual{harvard2019,
  title = {Stem cells and cancer},
  author = {{harvard university}},
  organization = {Harvard Stem Cell Institute},
  year = {2019},
  url = {https://hsci.harvard.edu/stem-cells-and-cancer},
}
@site{wikipedia,
    title = {Stem cell},
    author = {{wikipedia}},
    url = {https://en.wikipedia.org/wiki/Stem_cell},
}
@site{treccani,
    title = {Cellula staminale},
    author = {{Treccani}},
    url = {https://www.treccani.it/enciclopedia/cellula-staminale_res-9a375ad8-9b60-11e1-9b2f-d5ce3506d72e_(Dizionario-di-Medicina)/},
}
@book{dispense_iss,
    title = {Le cellule staminali: spunti per un’azione didattica},
    author = {Istituto Superiore di Sanità},
}
